@online{MozaikIntroduction,
  author={Computational Systems Neuroscience Group},
  title={Mozaik documentation: Introduction},
  year={2012},
  url={https://github.com/CSNG-MFF/mozaik/blob/master/doc/source/introduction.rst}
}

@online{MozaikTutorial,
  author={Computational Systems Neuroscience Group},
  title={Mozaik documentation: Tutorial},
  year={2013},
  url={https://github.com/CSNG-MFF/mozaik/blob/master/doc/source/tutorial.1.rst}
}

@online{MozaikReadme,
  author={Computational Systems Neuroscience Group},
  title={Mozaik README},
  year={2023},
  url={https://github.com/CSNG-MFF/mozaik}
}

@misc{Cizkova2020nprg035,
  author={Čížková, Kateřina},
  title={NPRG035 Nástroj pro prohlížení modelů v systému Mozaik},
  url={https://github.com/antolikjan/mff_nprg045/blob/master/documentation.pdf},
  year={2020}
}

@online{AlaSQLIssue,
  author={Wulff, Mathias},
  title={AlaSQL issue 1240: AlaSQL v3},
  url={https://github.com/AlaSQL/alasql/issues/1240},
  year={2020}
}

@inproceedings{silva2007there,
  title={There is more to color scales than meets the eye: a review on the use of color in visualization},
  author={Silva, Samuel and Madeira, Joaquim and Santos, Beatriz Sousa},
  booktitle={2007 11th International Conference Information Visualization (IV'07)},
  pages={943--950},
  year={2007},
  organization={IEEE}
}

@book{chen2007handbook,
  title={Handbook of data visualization},
  author={Chen, Chun-houh and H{\"a}rdle, Wolfgang Karl and Unwin, Antony},
  year={2007},
  publisher={Springer Science \& Business Media}
}

@article{chen2002generalized,
  title={Generalized association plots: Information visualization via iteratively generated correlation matrices},
  author={Chen, Chun-Houh},
  journal={Statistica Sinica},
  pages={7--29},
  year={2002},
  publisher={JSTOR}
}
